@article{french1999catastrophic,
  title={Catastrophic forgetting in connectionist networks},
  author={French, Robert M},
  journal={Trends in cognitive sciences},
  volume={3},
  number={4},
  pages={128--135},
  year={1999},
  publisher={Elsevier}
}

@article{DBLP:journals/corr/abs-1901-11373,
  author    = {Dani Yogatama and
               Cyprien de Masson d'Autume and
               Jerome Connor and
               Tom{\'{a}}s Kocisk{\'{y}} and
               Mike Chrzanowski and
               Lingpeng Kong and
               Angeliki Lazaridou and
               Wang Ling and
               Lei Yu and
               Chris Dyer and
               Phil Blunsom},
  title     = {Learning and Evaluating General Linguistic Intelligence},
  journal   = {CoRR},
  volume    = {abs/1901.11373},
  year      = {2019},
  url       = {http://arxiv.org/abs/1901.11373},
  archivePrefix = {arXiv},
  eprint    = {1901.11373},
  timestamp = {Mon, 04 Feb 2019 08:11:03 +0100},
  biburl    = {https://dblp.org/rec/journals/corr/abs-1901-11373.bib},
  bibsource = {dblp computer science bibliography, https://dblp.org}
}

@article{DBLP:journals/corr/abs-1810-04805,
  author    = {Jacob Devlin and
               Ming{-}Wei Chang and
               Kenton Lee and
               Kristina Toutanova},
  title     = {{BERT:} Pre-training of Deep Bidirectional Transformers for Language
               Understanding},
  journal   = {CoRR},
  volume    = {abs/1810.04805},
  year      = {2018},
  url       = {http://arxiv.org/abs/1810.04805},
  archivePrefix = {arXiv},
  eprint    = {1810.04805},
  timestamp = {Tue, 30 Oct 2018 20:39:56 +0100},
  biburl    = {https://dblp.org/rec/journals/corr/abs-1810-04805.bib},
  bibsource = {dblp computer science bibliography, https://dblp.org}
}

@article{DBLP:journals/corr/abs-1907-12412,
  author    = {Yu Sun and
               Shuohuan Wang and
               Yu{-}Kun Li and
               Shikun Feng and
               Hao Tian and
               Hua Wu and
               Haifeng Wang},
  title     = {{ERNIE} 2.0: {A} Continual Pre-training Framework for Language Understanding},
  journal   = {CoRR},
  volume    = {abs/1907.12412},
  year      = {2019},
  url       = {http://arxiv.org/abs/1907.12412},
  archivePrefix = {arXiv},
  eprint    = {1907.12412},
  timestamp = {Tue, 21 Jan 2020 07:56:31 +0100},
  biburl    = {https://dblp.org/rec/journals/corr/abs-1907-12412.bib},
  bibsource = {dblp computer science bibliography, https://dblp.org}
}

@article{DBLP:journals/corr/abs-1802-07569,
  author    = {German Ignacio Parisi and
               Ronald Kemker and
               Jose L. Part and
               Christopher Kanan and
               Stefan Wermter},
  title     = {Continual Lifelong Learning with Neural Networks: {A} Review},
  journal   = {CoRR},
  volume    = {abs/1802.07569},
  year      = {2018},
  url       = {http://arxiv.org/abs/1802.07569},
  archivePrefix = {arXiv},
  eprint    = {1802.07569},
  timestamp = {Mon, 13 Aug 2018 16:46:54 +0200},
  biburl    = {https://dblp.org/rec/journals/corr/abs-1802-07569.bib},
  bibsource = {dblp computer science bibliography, https://dblp.org}
}

@article{DBLP:journals/corr/KirkpatrickPRVD16,
  author    = {James Kirkpatrick and
               Razvan Pascanu and
               Neil C. Rabinowitz and
               Joel Veness and
               Guillaume Desjardins and
               Andrei A. Rusu and
               Kieran Milan and
               John Quan and
               Tiago Ramalho and
               Agnieszka Grabska{-}Barwinska and
               Demis Hassabis and
               Claudia Clopath and
               Dharshan Kumaran and
               Raia Hadsell},
  title     = {Overcoming catastrophic forgetting in neural networks},
  journal   = {CoRR},
  volume    = {abs/1612.00796},
  year      = {2016},
  url       = {http://arxiv.org/abs/1612.00796},
  archivePrefix = {arXiv},
  eprint    = {1612.00796},
  timestamp = {Mon, 13 Aug 2018 16:46:13 +0200},
  biburl    = {https://dblp.org/rec/journals/corr/KirkpatrickPRVD16.bib},
  bibsource = {dblp computer science bibliography, https://dblp.org}
}

@inproceedings{aljundi2018memory,
  title={Memory aware synapses: Learning what (not) to forget},
  author={Aljundi, Rahaf and Babiloni, Francesca and Elhoseiny, Mohamed and Rohrbach, Marcus and Tuytelaars, Tinne},
  booktitle={Proceedings of the European Conference on Computer Vision (ECCV)},
  pages={139--154},
  year={2018}
}

@article{DBLP:journals/corr/Lopez-PazR17,
  author    = {David Lopez{-}Paz and
               Marc'Aurelio Ranzato},
  title     = {Gradient Episodic Memory for Continuum Learning},
  journal   = {CoRR},
  volume    = {abs/1706.08840},
  year      = {2017},
  url       = {http://arxiv.org/abs/1706.08840},
  archivePrefix = {arXiv},
  eprint    = {1706.08840},
  timestamp = {Mon, 13 Aug 2018 16:47:39 +0200},
  biburl    = {https://dblp.org/rec/journals/corr/Lopez-PazR17.bib},
  bibsource = {dblp computer science bibliography, https://dblp.org}
}

@article{DBLP:journals/corr/ZenkePG17,
  author    = {Friedemann Zenke and
               Ben Poole and
               Surya Ganguli},
  title     = {Improved multitask learning through synaptic intelligence},
  journal   = {CoRR},
  volume    = {abs/1703.04200},
  year      = {2017},
  url       = {http://arxiv.org/abs/1703.04200},
  archivePrefix = {arXiv},
  eprint    = {1703.04200},
  timestamp = {Mon, 13 Aug 2018 16:46:42 +0200},
  biburl    = {https://dblp.org/rec/journals/corr/ZenkePG17.bib},
  bibsource = {dblp computer science bibliography, https://dblp.org}
}

@misc{EWC,
  title = {Elastic Weight Consolidation},
  howpublished = {\url{https://github.com/yashkant/Elastic-Weight-Consolidation}},
  note = {Accessed: 2020-03-25}
}

@misc{GEM,
  title = {Gradient Episodic Memory},
  howpublished = {\url{https://github.com/facebookresearch/GradientEpisodicMemory}},
  note = {Accessed: 2020-03-25}
}

@misc{MAS,
  title = {Memory Aware Synapses},
  howpublished = {\url{https://github.com/rahafaljundi/MAS-Memory-Aware-Synapses}},
  note = {Accessed: 2020-03-25}
}

@misc{SI,
  title = {pathint},
  howpublished = {\url{https://github.com/MitraDarja/pathint}},
  note = {Accessed: 2020-03-25}
}

 @inproceedings{wang2019glue,
     title={{GLUE}: A Multi-Task Benchmark and Analysis Platform for Natural Language Understanding},
     author={Wang, Alex and Singh, Amanpreet and Michael, Julian and Hill, Felix and Levy, Omer and Bowman, Samuel R.},
     note={In the Proceedings of ICLR.},
     year={2019}
 }